% Encoding: windows-1252

@article{gustafson2018finiteness,
  title={Finiteness for mapping class group representations from twisted Dijkgraaf--Witten theory},
  author={Gustafson, Paul P},
  journal={Journal of Knot Theory and Its Ramifications},
  volume={27},
  number={06},
  pages={1850043},
  year={2018},
  publisher={World Scientific}
}

 @misc{ wiki:dt,
   author = "{Wikipedia contributors}",
   title = "Dehn twist --- {W}ikipedia{,} The Free Encyclopedia",
   year = "2018",
   url = "https://en.wikipedia.org/wiki/Dehn_twist",
   note = "[Online; accessed 11-July-2018]"
 }

@article{reshetikhin1991invariants,
  title={Invariants of 3-manifolds via link polynomials and quantum groups},
  author={Reshetikhin, Nicolai and Turaev, Vladimir G},
  journal={Inventiones mathematicae},
  volume={103},
  number={1},
  pages={547--597},
  year={1991},
  publisher={Springer}
}


@book{BK,
  title={Lectures on tensor categories and modular functors},
  author={Bakalov, Bojko and Kirillov, Alexander A},
  volume={21},
  year={2001},
  publisher={American Mathematical Soc.}
}

@article{bantay,
  title={Algebraic aspects of orbifold models},
  author={Bantay, Peter},
  journal={International Journal of Modern Physics A},
  volume={9},
  number={09},
  pages={1443--1456},
  year={1994},
  publisher={World Scientific}
}

@article{hep-th/9311155,
  title={Invariants of piecewise-linear 3-manifolds},
  author={Barrett, John and Westbury, Bruce},
  journal={Transactions of the American Mathematical Society},
  volume={348},
  number={10},
  pages={3997--4022},
  year={1996}
}

@article{birman,
  title={Mapping class groups and their relationship to braid groups},
  author={Birman, Joan S},
  journal={Communications on Pure and Applied Mathematics},
  volume={22},
  number={2},
  pages={213--238},
  year={1969},
  publisher={Wiley Online Library}
}

@article{dijkgraaf1990,
  title={Topological gauge theories and group cohomology},
  author={Dijkgraaf, Robbert and Witten, Edward},
  journal={Communications in Mathematical Physics},
  volume={129},
  number={2},
  pages={393--429},
  year={1990},
  publisher={Springer}
}

@book{etingofTensor,
  title={Tensor categories},
  author={Etingof, Pavel I and Gelaki, Shlomo and Nikshych, Dmitri and Ostrik, Victor},
  volume={205},
  year={2015},
  publisher={American Mathematical Society Providence, RI}
}


@article{erw,
  title={Braid group representations from twisted quantum doubles of finite groups},
  author={Etingof, Pavel and Rowell, Eric and Witherspoon, Sarah},
  journal={Pacific journal of mathematics},
  volume={234},
  number={1},
  pages={33--41},
  year={2008},
  publisher={Mathematical Sciences Publishers}
}

@article{fjfu,
  title={Mapping class group representations from Drinfeld doubles of finite groups},
  author={Fjelstad, Jens and Fuchs, J{\"u}rgen},
  journal={arXiv preprint arXiv:1506.03263},
  year={2015}
}

@article{kirillovStringNets,
  title={String-net model of Turaev-Viro invariants},
  author={Kirillov Jr, Alexander},
  journal={arXiv preprint arXiv:1106.6033},
  year={2011}
}

@article{Lyubashenko1996,
  title={Ribbon abelian categories as modular categories},
  author={Lyubashenko, V},
  journal={Journal of Knot Theory and Its Ramifications},
  volume={5},
  number={03},
  pages={311--403},
  year={1996},
  publisher={World Scientific}
}

@article{nr,
  title={A finiteness property for braided fusion categories},
  author={Naidu, Deepak and Rowell, Eric C},
  journal={Algebras and representation theory},
  volume={14},
  number={5},
  pages={837--855},
  year={2011},
  publisher={Springer}
}

@article{ns,
  title={Higher Frobenius-Schur indicators for pivotal categories},
  author={Ng, Siu-Hung and Schauenburg, Peter},
  journal={Hopf algebras and generalizations},
  volume={441},
  pages={63--90},
  year={2007},
  publisher={American Mathematical Society Providence, RI}
}

@article{0806.2493,
  title={Congruence subgroups and generalized Frobenius-Schur indicators},
  author={Ng, Siu-Hung and Schauenburg, Peter},
  journal={Communications in Mathematical Physics},
  volume={300},
  number={1},
  pages={1--46},
  year={2010},
  publisher={Springer}
}

@article{math/0601012,
  title={Frobenius--Schur indicators and exponents of spherical categories},
  author={Ng, Siu-Hung and Schauenburg, Peter},
  journal={Advances in Mathematics},
  volume={211},
  number={1},
  pages={34--71},
  year={2007},
  publisher={Elsevier}
}

@article{tambara,
  title={Tensor categories with fusion rules of self-duality for finite abelian groups},
  author={Tambara, Daisuke and Yamagami, Shigeru},
  journal={Journal of Algebra},
  volume={209},
  number={2},
  pages={692--707},
  year={1998},
  publisher={Elsevier}
}

@article{TURAEV1992865,
  title={State sum invariants of 3-manifolds and quantum 6j-symbols},
  author={Turaev, Vladimir G and Viro, Oleg Ya},
  journal={Topology},
  volume={31},
  number={4},
  pages={865--902},
  year={1992},
  publisher={Elsevier}
}

@book{We,
  title={An introduction to homological algebra},
  author={Weibel, Charles A},
  number={38},
  year={1995},
  publisher={Cambridge university press}
}

%% Old stuff

@Article{Barn-JORVQ,
  author  = {Christopher F. Barnes and Richard L. Frost},
  title   = {Residual Vector Quantizers with Jointly Optimized Code Books},
  journal = {Advances in Electronics and Electron Physics},
  year    = {1992},
  volume  = {84},
  pages   = {1--59},
}

@Book{REALCAR,
  Title                    = {Real Analysis},
  Author                   = {Neal Carothers},
  Publisher                = {Cambridge University Press},
  Year                     = {2000}
}

@Article{einstein,
  Title                    = {{Zur Elektrodynamik bewegter K{\"o}rper}. ({German})
 [{On} the electrodynamics of moving bodies]},
  Author                   = {Albert Einstein},
  Journal                  = {Annalen der Physik},
  Year                     = {1905},
  Number                   = {10},
  Pages                    = {891--921},
  Volume                   = {322},

  Doi                      = {http://dx.doi.org/10.1002/andp.19053221004}
}

@Article{WAGFJ,
  author  = {George T. Gilbert and Rhonda L. Hatcher},
  title   = {Wagering in Final Jeopardy!},
  journal = {Mathematics Magazine},
  year    = {1994},
  volume  = {67},
  number  = {4},
  pages   = {268-277},
  month   = {October},
}

@Electronic{ANCONS,
  Title                    = {AnimeCons.com - {A}nime {C}onventions and {G}uests},
  HowPublished             = {Web},
  Organization             = {AnimeCons},
  Year                     = {2015},

  Owner                    = {sroberson},
  Timestamp                = {2016.07.21}
}

@Electronic{ARCADIA,
  Title                    = {Results - {A}rcadia {F}estival of {B}ands},
  HowPublished             = {Web},
  Month                    = {November},
  Organization             = {Wold of Pageantry},
  Url                      = {http://worldofpageantry.com/forums/viewtopic.php?f=1&t=19809},
  Year                     = {2011},

  Owner                    = {sroberson},
  Timestamp                = {2016.08.05}
}

@Comment{jabref-meta: databaseType:bibtex;}
