@misc{mcgSurvey,
Author = {John Guaschi and Daniel Juan-Pineda},
Title = {A survey of surface braid groups and the lower algebraic K-theory of their group rings},
Year = {2013},
Eprint = {arXiv:1302.6536},
}

@misc{bellingeri,
Author = {Paolo Bellingeri},
Title = {On presentation of Surface Braid Groups},
Year = {2001},
Eprint = {arXiv:math/0110129},
}

@misc{eno,
Author = {Pavel Etingof and Dmitri Nikshych and Viktor Ostrik},
Title = {On fusion categories},
Year = {2002},
Eprint = {arXiv:math/0203060},
}

@article{TURAEV1992865,
title = "State sum invariants of 3-manifolds and quantum 6j-symbols",
journal = "Topology",
volume = "31",
number = "4",
pages = "865 - 902",
year = "1992",
note = "",
issn = "0040-9383",
doi = "http://dx.doi.org/10.1016/0040-9383(92)90015-A",
url = "http://www.sciencedirect.com/science/article/pii/004093839290015A",
author = "V.G. Turaev and O.Y. Viro",
abstract = ""
}

@article{hep-th/9311155,
Author = {John W. Barrett and Bruce W. Westbury},
Title = {Invariants of Piecewise-Linear 3-Manifolds},
Year = {1993},
Eprint = {arXiv:hep-th/9311155},
Howpublished = {Trans.Amer.Math.Soc. 348 (1996) 3997-4022},
}

@article{Lyubashenko1996,
  doi = {10.1142/s0218216596000229},
  url = {http://dx.doi.org/10.1142/S0218216596000229},
  year  = {1996},
  month = {Jun},
  publisher = {World Scientific Pub Co Pte Lt},
  volume = {05},
  number = {03},
  pages = {311--403},
  author = {V. Lyubashenko},
  title = {Ribbon Abelian Categories as Modular Categories},
  journal = {J. Knot Theory Ramifications}
}

@article{bantay,
Author = {Peter Bantay},
Title = {Algebraic Aspects of Orbifold Models},
Year = {1993},
Eprint = {arXiv:hep-th/9303009},
Howpublished = {Int. J. Mod. Phys. A9 (1994) 1443-1456},
Doi = {10.1142/S0217751X94000649},
}

@Article{kirillovStringNets,
Author = {Alexander Kirillov},
Title = {String-net model of {Turaev-Viro} invariants},
Year = {2011},
archivePrefix = "arXiv",
eprint = "1106.6033",
primaryClass = "math.AT"
}

@book{farb2012primer,
  title={A Primer on Mapping Class Groups},
  author={Farb, B. and Margalit, D.},
  isbn={9780691147949},
  lccn={2011008491},
  series={Princeton Mathematical Series},
  url={https://books.google.com/books?id=FmRMgAV8JwoC},
  year={2012},
  publisher={Princeton University Press}
}

@book{weibel1995introduction,
  title={An Introduction to Homological Algebra},
  author={Weibel, C.A.},
  isbn={9780521559874},
  lccn={93015649},
  series={Cambridge Studies in Advanced Mathematics},
  url={https://books.google.com/books?id=flm-dBXfZ\_gC},
  year={1995},
  publisher={Cambridge University Press}
}

@article{nr,
Author = {Deepak Naidu and Eric C. Rowell},
Title = {A finiteness property for braided fusion categories},
Year = {2009},
Eprint = {arXiv:0903.4157},
Howpublished = {Algebr. and Represent. Theor. 14 (2011), no. 5, 837-855},
}

@article{dijkgraaf1990,
author = "Dijkgraaf, Robbert and Witten, Edward",
fjournal = "Communications in Mathematical Physics",
journal = "Comm. Math. Phys.",
number = "2",
pages = "393--429",
publisher = "Springer",
title = "Topological gauge theories and group cohomology",
url = "http://projecteuclid.org/euclid.cmp/1104180750",
volume = "129",
year = "1990"
}


@book{etingof2015tensor,
  title={Tensor Categories},
  author={Etingof, P. and Gelaki, S. and Nikshych, D. and Ostrik, V.},
  isbn={9781470420246},
  lccn={2015006773},
  series={Mathematical Surveys and Monographs},
  url={https://books.google.com/books?id=NwM-CgAAQBAJ},
  year={2015},
  publisher={American Mathematical Society}
}

@misc{0704.0195,
Author = {Vladimir Drinfeld and Shlomo Gelaki and Dmitri Nikshych and Victor Ostrik},
Title = {Group-theoretical properties of nilpotent modular categories},
Year = {2007},
Eprint = {arXiv:0704.0195},
}

@misc{math/0601012,
Author = {Siu-Hung Ng and Peter Schauenburg},
Title = {{Frobenius-Schur} Indicators and Exponents of Spherical Categories},
Year = {2005},
Eprint = {arXiv:math/0601012},
Howpublished = {Adv. Math. 211 (2007) no. 1, 34--71},
Doi = {http://dx.doi.org/10.1016/j.aim.2006.07.017},
}

@article{0806.2493,
Author = {Siu-Hung Ng and Peter Schauenburg},
Title = {Congruence Subgroups and Generalized {Frobenius-Schur} Indicators},
Year = {2008},
Eprint = {arXiv:0806.2493},
Howpublished = {Communications in Mathematical Physics, 300 (2010), no. 1, 1--46},
Doi = {10.1007/s00220-010-1096-6},
}

@misc{1012.0560,
Author = {Benjamin Balsam},
Title = {Turaev-Viro invariants as an extended TQFT III},
Year = {2010},
Eprint = {arXiv:1012.0560},
}


@inproceedings{lickorish1964finite,
  title={A finite set of generators for the homeotopy group of a 2-manifold},
  author={Lickorish, William Bernard Raymond},
  booktitle={Mathematical Proceedings of the Cambridge Philosophical Society},
  volume={60},
  number={04},
  pages={769--778},
  year={1964},
  organization={Cambridge Univ Press}
}

@misc{erw,
Author = {Pavel Etingof and Eric C. Rowell and Sarah Witherspoon},
Title = {Braid group representations from twisted quantum doubles of finite groups},
Year = {2007},
Eprint = {arXiv:math/0703274},
Howpublished = {Pacific J. Math. 234 no. 1 (2008) 33-42},
}

@misc{fjfu,
Author = {Jens Fjelstad and J{\"u}rgen Fuchs},
Title = {Mapping class group representations from {Drinfeld} doubles of finite groups},
Year = {2015},
Eprint = {arXiv:1506.03263},
}

@Article{Ng2010,
author="Ng, Siu-Hung
and Schauenburg, Peter",
title="Congruence Subgroups and Generalized {Frobenius-Schur} Indicators",
journal="Communications in Mathematical Physics",
year="2010",
volume="300",
number="1",
pages="1--46",
abstract="We introduce generalized Frobenius-Schur indicators for pivotal categories. In a spherical fusion category                                                                           \$\$\{{\backslash}mathcal \{C\}\}\$\$                 , an equivariant indicator of an object in                                                                           \$\$\{{\backslash}mathcal \{C\}\}\$\$                 is defined as a functional on the Grothendieck algebra of the quantum double                                                                           \$\$\{Z({\backslash}mathcal \{C\})\}\$\$                 via generalized Frobenius-Schur indicators. The set of all equivariant indicators admits a natural action of the modular group. Using the properties of equivariant indicators, we prove a congruence subgroup theorem for modular categories. As a consequence, all modular representations of a modular category have finite images, and they satisfy a conjecture of Eholzer. In addition, we obtain two formulae for the generalized indicators, one of them a generalization of Bantay's second indicator formula for a rational conformal field theory. This formula implies a conjecture of Pradisi-Sagnotti-Stanev, as well as a conjecture of Borisov-Halpern-Schweigert.",
issn="1432-0916",
doi="10.1007/s00220-010-1096-6",
url="http://dx.doi.org/10.1007/s00220-010-1096-6"
}

