@book{g,
  title={Euclidean and non-Euclidean geometries: Development and history},
  author={Greenberg, Marvin J},
  year={2007},
  publisher={WH Freeman}
}